<record><leader>00000cas a22000007a 4500</leader><controlfield tag="001">12360797</controlfield><controlfield tag="008">850808d19161955ndudn ne      0   a0eng  </controlfield><datafield ind1=" " ind2=" " tag="010"><subfield code="a">sn 85042414 </subfield></datafield><datafield ind1=" " ind2=" " tag="040"><subfield code="a">DLC</subfield><subfield code="b">eng</subfield><subfield code="c">DLC</subfield><subfield code="d">NOP</subfield><subfield code="d">DLC</subfield><subfield code="d">OCLCF</subfield><subfield code="d">DLC</subfield></datafield><datafield ind1="0" ind2=" " tag="022"><subfield code="a">2379-1209</subfield><subfield code="2">1</subfield></datafield><datafield ind1=" " ind2=" " tag="042"><subfield code="a">msc</subfield><subfield code="a">nsdp</subfield></datafield><datafield ind1=" " ind2=" " tag="043"><subfield code="a">n-us-nd</subfield></datafield><datafield ind1="0" ind2="0" tag="050"><subfield code="a">Newspaper</subfield></datafield><datafield ind1="0" ind2="0" tag="082"><subfield code="a">071</subfield><subfield code="2">23</subfield></datafield><datafield ind1="0" ind2=" " tag="130"><subfield code="a">Grand Forks herald (1916 : Evening)</subfield></datafield><datafield ind1=" " ind2="0" tag="222"><subfield code="a">Grand Forks herald</subfield><subfield code="b">(1916 : Evening. Print)</subfield></datafield><datafield ind1="0" ind2="0" tag="245"><subfield code="a">Grand Forks herald.</subfield></datafield><datafield ind1=" " ind2=" " tag="250"><subfield code="a">Evening ed.</subfield></datafield><datafield ind1=" " ind2=" " tag="260"><subfield code="a">Grand Forks, N.D. :</subfield><subfield code="b">Grand Forks Herald Co.,</subfield></datafield><datafield ind1=" " ind2=" " tag="300"><subfield code="a">63 v. :</subfield><subfield code="b">ill. ;</subfield><subfield code="c">58 cm.</subfield></datafield><datafield ind1=" " ind2=" " tag="310"><subfield code="a">Daily (except Sun.)</subfield></datafield><datafield ind1="0" ind2=" " tag="362"><subfield code="a">Vol. 11, no. 155 (July 1, 1916)-v. 74, no. 118 (Feb. 26, 1955).</subfield></datafield><datafield ind1=" " ind2=" " tag="530"><subfield code="a">Archived issues are available in digital format from the Library of Congress Chronicling America online collection.</subfield></datafield><datafield ind1=" " ind2=" " tag="580"><subfield code="a">Morning ed.:  Grand Forks herald (Grand Forks, N.D. : 1916 : Morning), 1916-1955.</subfield></datafield><datafield ind1=" " ind2=" " tag="580"><subfield code="a">Weekly ed.:  Weekly times-herald (Grand Forks, N.D.), 1916.</subfield></datafield><datafield ind1=" " ind2="0" tag="651"><subfield code="a">Grand Forks (N.D.)</subfield><subfield code="v">Newspapers.</subfield></datafield><datafield ind1=" " ind2="7" tag="651"><subfield code="a">North Dakota</subfield><subfield code="z">Grand Forks.</subfield><subfield code="2">fast</subfield><subfield code="0">(OCoLC)fst01213010</subfield></datafield><datafield ind1=" " ind2="7" tag="655"><subfield code="a">Newspapers.</subfield><subfield code="2">fast</subfield><subfield code="0">(OCoLC)fst01423814</subfield></datafield><datafield ind1=" " ind2=" " tag="752"><subfield code="a">United States</subfield><subfield code="b">North Dakota</subfield><subfield code="c">Grand Forks</subfield><subfield code="d">Grand Forks.</subfield></datafield><datafield ind1="1" ind2=" " tag="775"><subfield code="t">Grand Forks herald (Grand Forks, N.D. : 1916 : Morning)</subfield><subfield code="x">0745-9661</subfield><subfield code="w">(DLC)sn 83009194</subfield><subfield code="w">(OCoLC)1751382</subfield></datafield><datafield ind1="1" ind2=" " tag="775"><subfield code="t">Weekly times-herald (Grand Forks, N.D.)</subfield><subfield code="w">(DLC)sn 89074400</subfield><subfield code="w">(OCoLC)20697460</subfield></datafield><datafield ind1="0" ind2="8" tag="776"><subfield code="i">Online version:</subfield><subfield code="t">Grand Forks herald (1916 : Evening)</subfield><subfield code="x">2379-1217</subfield><subfield code="w">(DLC)  2015218760</subfield><subfield code="w">(OCoLC)908843836</subfield></datafield><datafield ind1="0" ind2="0" tag="780"><subfield code="t">Grand Forks daily herald (Grand Forks, N.D. : 1914)</subfield><subfield code="x">2379-1187</subfield><subfield code="w">(DLC)sn 89074405</subfield><subfield code="w">(OCoLC)20697161</subfield></datafield><datafield ind1="4" ind2="1" tag="856"><subfield code="u">http://www.loc.gov/chroniclingamerica/lccn/sn85042414/issues</subfield></datafield><datafield ind1="1" ind2=" " tag="029"><subfield code="a">AU@</subfield><subfield code="b">000025820708</subfield></datafield></record>